@book{schmidt:book,
author = {Schmidt, Marie E.},
title = {Integrating Routing Decisions in Public Transportation Problems},
publisher = {Springer},
year = {2014},
}
@article{born:art,
author = {Borndorfer, Ralph and Neumann, Marika and Pfetsh, Marc E.},
title = {The Line Connectivity Problem},
journaltitle = {Operations Research Proceedings},
year = {2008}
}
@article{schm:art,
author = {Schobel, Anita},
title = {Line planning in public transportation: models and methods},
journaltitle = {OR Spectrum},
year = {2011}
}
@article{clae:art,
author = {Claessens, MT and van Dijk, NM and Zwaneveld, PJ},
title = {Cost optimal allocation of rail passenger lines},
journaltitle = {European Journal of Operational Research},
year = {1998}
}
@book{buss:book,
author = {Bussieck, MR},
title = {Optimal lines in public transport},
year = {1998}
}
@book{dien:book,
author = {Dienst, H},
title = {Linienplanung im spurgefuhrten Personenverkehr mit Hilfe lines heuristischen Verfahrenes},
year = {1978}
}
@article{ceder:art,
author = {Ceder, A. and Wilson, H.M.},
title = {Bus network design},
journaltitle = {Transportation Res.},
year = {1986}
}
@book{gooss:book,
author = {Goossens, J},
title = {Models and algorithms for railway line planning problems},
year = {2004}
}
@article{torres:art,
author = {Torres, LM and Torres, R and Borndorfer, R and Pfetsh, Marc E.},
title = {Linienplanung im spurgefuhrten Personenverkehr mit Hilfe lines heuristischen Verfahrenes},
journaltitle = {ZIB report},
year = {2008}
}
@article{schsch:art,
author = {Schobel, Anita and Sholl, S},
title = {Planung von Linien mit minimalen Umsteigevorgangen},
journaltitle = {Proceedings of the GOR-workshop on "Opimierung im offentlichen Nahverkehr"},
year = {2003}
}
@InProceedings{nachtigall:inpro,
  author =	{Karl Nachtigall and Karl Jerosch},
  title =	{{Simultaneous Network Line Planning and Traffic Assignment}},
  booktitle =	{8th Workshop on Algorithmic Approaches for Transportation Modeling, Optimization, and Systems (ATMOS'08) },
  year =	{2008},
  volume =	{9},
  editor =	{Matteo Fischetti and Peter Widmayer},
  publisher =	{Schloss Dagstuhl--Leibniz-Zentrum fuer Informatik},
  address =	{Dagstuhl, Germany},
}
@InProceedings{schbel_et_al:inpro,
  author =	{Anita Sch{\"o}bel and Silvia Schwarze},
  title =	{{A Game-Theoretic Approach to Line Planning}},
  booktitle =	{6th Workshop on Algorithmic Methods and Models for Optimization of Railways (ATMOS'06)},
  series =	{OpenAccess Series in Informatics (OASIcs)},
  year =	{2006},
  volume =	{5},
  editor =	{Riko Jacob and Matthias M{\"u}ller-Hannemann},
  publisher =	{Schloss Dagstuhl--Leibniz-Zentrum fuer Informatik},
  address =	{Dagstuhl, Germany}
}
@InProceedings{kontogiannis_et_al:inpro,
  author =	{Spyros Kontogiannis and Christos Zaroliagis},
  title =	{{Robust Line Planning under Unknown Incentives and Elasticity of Frequencies}},
  booktitle =	{8th Workshop on Algorithmic Approaches for Transportation Modeling, Optimization, and Systems (ATMOS'08) },
  series =	{OpenAccess Series in Informatics (OASIcs)},
  year =	{2008},
  volume =	{9},
  editor =	{Matteo Fischetti and Peter Widmayer},
  publisher =	{Schloss Dagstuhl--Leibniz-Zentrum fuer Informatik},
  address =	{Dagstuhl, Germany}
}
@article{mandl:art,
author = {Mandl, C.E.},
title = {Evaluation and optimization of urban public transportation networks},
journaltitle = {European Journal of Operational Research},
year = {1980}
}
@Article{BoumaOltrogge:art,
 author =        {A. Bouma and C. Oltrogge},
  title =        "Linienplanung und {S}imulation f{\"u}r {\"o}ffentliche
                  {V}erkehrs\-wege in {P}raxis und {T}heorie", 
  journal =      "ETR - Eisenbahntechnische Rundschau",
  year =         1994,
  volume =       43,
  number =       6,
  pages =        "369--378"
}
